# Alcohol references

@article{aguirre2020sex,
  title={Sex-dependent effects of chronic intermittent voluntary alcohol consumption on attentional, not motivational, measures during probabilistic learning and reversal},
  author={Aguirre, Claudia G and Stolyarova, Alexandra and Das, Kanak and Kolli, Saisriya and Marty, Vincent and Ray, Lara and Spigelman, Igor and Izquierdo, Alicia},
  journal={PloS one},
  volume={15},
  number={6},
  pages={e0234729},
  year={2020},
  publisher={Public Library of Science San Francisco, CA USA}
}

@article{anderson2010ethanol,
  title={Ethanol-induced conditioned taste aversion in male Sprague-Dawley rats: Impact of age and stress},
  author={Anderson, Rachel I and Varlinskaya, Elena I and Spear, Linda P},
  journal={Alcoholism: Clinical and Experimental Research},
  volume={34},
  number={12},
  pages={2106--2115},
  year={2010},
  publisher={Wiley Online Library}
}

@article{bechara2005decision,
  title={Decision making, impulse control and loss of willpower to resist drugs: a neurocognitive perspective},
  author={Bechara, Antoine},
  journal={Nature neuroscience},
  volume={8},
  number={11},
  pages={1458--1463},
  year={2005},
  publisher={Nature Publishing Group US New York}
}

@article{beckwith2016alcohol,
  title={Alcohol-preferring P rats exhibit elevated motor impulsivity concomitant with operant responding and self-administration of alcohol},
  author={Beckwith, Steven Wesley and Czachowski, Cristine Lynn},
  journal={Alcoholism: Clinical and Experimental Research},
  volume={40},
  number={5},
  pages={1100--1110},
  year={2016},
  publisher={Wiley Online Library}
}

@article{bidwell2013biphasic,
  title={Biphasic effects of alcohol on delay and probability discounting.},
  author={Bidwell, L and MacKillop, James and Murphy, James G and Grenga, Andrea and Swift, Robert M and McGeary, John E},
  journal={Experimental and clinical psychopharmacology},
  volume={21},
  number={3},
  pages={214},
  year={2013},
  publisher={American Psychological Association}
}

@article{borruto2021genetically,
  title={Genetically selected alcohol-preferring msP rats to study alcohol use disorder: Anything lost in translation?},
  author={Borruto, Anna Maria and Stopponi, Serena and Li, Hongwu and Weiss, Friedbert and Roberto, Marisa and Ciccocioppo, Roberto},
  journal={Neuropharmacology},
  volume={186},
  pages={108446},
  year={2021},
  publisher={Elsevier}
}

@article{brevers2014impaired,
  title={Impaired decision-making under risk in individuals with alcohol dependence},
  author={Brevers, Damien and Bechara, Antoine and Cleeremans, Axel and Kornreich, Charles and Verbanck, Paul and No{\"e}l, Xavier},
  journal={Alcoholism: clinical and experimental research},
  volume={38},
  number={7},
  pages={1924--1931},
  year={2014},
  publisher={Wiley Online Library}
}

@article{burnette2021diminished,
  title={Diminished cortical response to risk and loss during risky decision making in alcohol use disorder},
  author={Burnette, Elizabeth M and Grodin, Erica N and Ghahremani, Dara G and Galvan, Adriana and Kohno, Milky and Ray, Lara A and London, Edythe D},
  journal={Drug and alcohol dependence},
  volume={218},
  pages={108391},
  year={2021},
  publisher={Elsevier}
}

@article{centers2008behavioral,
  title={Behavioral risk factor surveillance system survey data},
  author={Centers for Disease Control and Prevention and others},
  journal={http://apps. nccd. cdc. gov/brfss/list. asp? cat= OH\&yr-2008\&qkey= 6610\&state= All},
  year={2008},
  publisher={US Department of Health and Human Services, Centers for Disease Control and~…}
}

@article{collins1975variations,
  title={Variations in alcohol metabolism: influence of sex and age},
  author={Collins, Allan C and Yeager, Toni N and Lebsack, ME and Panter, S Scott},
  journal={Pharmacology Biochemistry and Behavior},
  volume={3},
  number={6},
  pages={973--978},
  year={1975},
  publisher={Elsevier}
}

@article{crabbe2009line,
  title={A line of mice selected for high blood ethanol concentrations shows drinking in the dark to intoxication},
  author={Crabbe, John C and Metten, Pamela and Rhodes, Justin S and Yu, Chia-Hua and Brown, Lauren Lyon and Phillips, Tamara J and Finn, Deborah A},
  journal={Biological psychiatry},
  volume={65},
  number={8},
  pages={662--670},
  year={2009},
  publisher={Elsevier}
}

@article{degenhardt2008toward,
  title={Toward a global view of alcohol, tobacco, cannabis, and cocaine use: findings from the WHO World Mental Health Surveys},
  author={Degenhardt, Louisa and Chiu, Wai-Tat and Sampson, Nancy and Kessler, Ronald C and Anthony, James C and Angermeyer, Matthias and Bruffaerts, Ronny and De Girolamo, Giovanni and Gureje, Oye and Huang, Yueqin and others},
  journal={PLoS medicine},
  volume={5},
  number={7},
  pages={e141},
  year={2008},
  publisher={Public Library of Science San Francisco, USA}
}

@article{dry2012dose,
  title={Dose-related effects of alcohol on cognitive functioning},
  author={Dry, Matthew J and Burns, Nicholas R and Nettelbeck, Ted and Farquharson, Aaron L and White, Jason M},
  journal={PloS one},
  volume={7},
  number={11},
  pages={e50977},
  year={2012},
  publisher={Public Library of Science San Francisco, USA}
}

@article{erol2015sex,
  title={Sex and gender-related differences in alcohol use and its consequences: Contemporary knowledge and future research considerations},
  author={Erol, Almila and Karpyak, Victor M},
  journal={Drug and alcohol dependence},
  volume={156},
  pages={1--13},
  year={2015},
  publisher={Elsevier}
}

@article{fein2004impairment,
  title={Impairment on a simulated gambling task in long-term abstinent alcoholics},
  author={Fein, George and Klein, L and Finn, P},
  journal={Alcoholism: Clinical and Experimental Research},
  volume={28},
  number={10},
  pages={1487--1491},
  year={2004},
  publisher={Wiley Online Library}
}

@article{field2010acute,
  title={Acute alcohol effects on inhibitory control and implicit cognition: implications for loss of control over drinking},
  author={Field, Matt and Wiers, Reinout W and Christiansen, Paul and Fillmore, Mark T and Verster, Joris C},
  journal={Alcoholism: Clinical and Experimental Research},
  volume={34},
  number={8},
  pages={1346--1352},
  year={2010},
  publisher={Wiley Online Library}
}

@article{flores2020sex,
  title={Sex differences in the neurobiology of alcohol use disorder},
  author={Flores-Bonilla, Annabelle and Richardson, Heather N},
  journal={Alcohol research: current reviews},
  volume={40},
  number={2},
  year={2020},
  publisher={National Institute on Alcohol Abuse and Alcoholism}
}

@article{george2005acute,
  title={The acute effect of alcohol on decision making in social drinkers},
  author={George, S and Rogers, Robert D and Duka, Theodora},
  journal={Psychopharmacology},
  volume={182},
  pages={160--169},
  year={2005},
  publisher={Springer}
}

@article{hammersley1994individual,
  title={Individual differences in the acute response to alcohol},
  author={Hammersley, Richard and Finnigan, Frances and Millar, Keith},
  journal={Personality and individual differences},
  volume={17},
  number={4},
  pages={497--510},
  year={1994},
  publisher={Elsevier}
}

@article{hwa2011persistent,
  title={Persistent escalation of alcohol drinking in C57BL/6J mice with intermittent access to 20\% ethanol},
  author={Hwa, Lara S and Chu, Adam and Levinson, Sally A and Kayyali, Tala M and DeBold, Joseph F and Miczek, Klaus A},
  journal={Alcoholism: Clinical and Experimental Research},
  volume={35},
  number={11},
  pages={1938--1947},
  year={2011},
  publisher={Wiley Online Library}
}

@article{ibanez2024record,
  title={RECORD, a high-throughput, customizable system that unveils behavioral strategies leveraged by rodents during foraging-like decision-making},
  author={Ib{\'a}{\~n}ez Alcal{\'a}, Raquel J and Beck, Dirk W and Salcido, Alexis A and Davila, Luis D and Giri, Atanu and Heaton, Cory N and Villarreal Rodriguez, Kryssia and Rakocevic, Lara I and Hossain, Safa B and Reyes, Neftali F and others},
  journal={Communications Biology},
  volume={7},
  number={1},
  pages={822},
  year={2024},
  publisher={Nature Publishing Group UK London}
}

@article{jury2017sex,
  title={Sex differences in the behavioral sequelae of chronic ethanol exposure},
  author={Jury, Nicholas J and DiBerto, Jeffrey F and Kash, Thomas L and Holmes, Andrew},
  journal={Alcohol},
  volume={58},
  pages={53--60},
  year={2017},
  publisher={Elsevier}
}

@article{kornreich2013polysubstance,
  title={Polysubstance dependent patients display a more utilitarian profile in moral decision-making than alcohol-dependent patients, depressive patients and controls},
  author={Kornreich, Charles and Brevers, Damien and Ermer, Elsa and Hanak, Catherine and Verbanck, Paul and Campanella, Salvatore and No{\"e}l, Xavier},
  journal={Drug and alcohol dependence},
  volume={132},
  number={3},
  pages={434--440},
  year={2013},
  publisher={Elsevier}
}

@article{kranzler2023overview,
  title={Overview of alcohol use disorder},
  author={Kranzler, Henry R},
  journal={American Journal of Psychiatry},
  volume={180},
  number={8},
  pages={565--572},
  year={2023},
  publisher={Am Psychiatric Assoc}
}

@article{lane2004alcohol,
  title={Alcohol effects on human risk taking},
  author={Lane, Scott D and Cherek, Don R and Pietras, Cynthia J and Tcheremissine, Oleg V},
  journal={Psychopharmacology},
  volume={172},
  pages={68--77},
  year={2004},
  publisher={Springer}
}

@article{lucke2011varied,
  title={The varied uses of conditioned place preference in behavioral neuroscience research: an investigation of alcohol administration in model organisms},
  author={Lucke-Wold, Brandon},
  journal={Impulse (Columbia, SC)},
  volume={2011},
  year={2011},
  publisher={NIH Public Access}
}

@article{mendoza2018forced,
  title={Forced ethanol ingestion by Wistar rats from a juvenile age increased voluntary alcohol consumption in adulthood, with the involvement of orexin-A},
  author={Mendoza-Ruiz, Luis-Gabriel and V{\'a}zquez-Le{\'o}n, Priscila and Mart{\'\i}nez-Mota, Luc{\'\i}a and San Juan, Eduardo Ram{\'\i}rez and Miranda-P{\'a}ez, Abraham},
  journal={Alcohol},
  volume={70},
  pages={73--80},
  year={2018},
  publisher={Elsevier}
}

@article{noel2007response,
  title={Response inhibition deficit is involved in poor decision making under risk in nonamnesic individuals with alcoholism.},
  author={No{\"e}l, Xavier and Bechara, Antoine and Dan, Bernard and Hanak, Catherine and Verbanck, Paul},
  journal={Neuropsychology},
  volume={21},
  number={6},
  pages={778},
  year={2007},
  publisher={American Psychological Association}
}

@article{orsini2019deconstructing,
  title={Deconstructing value-based decision making via temporally selective manipulation of neural activity: Insights from rodent models},
  author={Orsini, Caitlin A and Hernandez, Caesar M and Bizon, Jennifer L and Setlow, Barry},
  journal={Cognitive, Affective, \& Behavioral Neuroscience},
  volume={19},
  pages={459--476},
  year={2019},
  publisher={Springer}
}

@article{pandy2016design,
  title={Design and development of a modified runway model of mouse drug self-administration},
  author={Pandy, Vijayapandi and Khan, Yasmin},
  journal={Scientific Reports},
  volume={6},
  number={1},
  pages={21944},
  year={2016},
  publisher={Nature Publishing Group UK London}
}

@article{pautassi2011ethanol,
  title={Ethanol induces second-order aversive conditioning in adolescent and adult rats},
  author={Pautassi, Ricardo Marcos and Myers, Mallory and Spear, Linda Patia and Molina, Juan Carlos and Spear, Norman E},
  journal={Alcohol},
  volume={45},
  number={1},
  pages={45--55},
  year={2011},
  publisher={Elsevier}
}

@article{phillips2017cannabis,
  title={Cannabis, alcohol use, psychological distress, and decision-making style},
  author={Phillips, James G and Ogeil, Rowan P},
  journal={Journal of clinical and experimental neuropsychology},
  volume={39},
  number={7},
  pages={670--681},
  year={2017},
  publisher={Taylor \& Francis}
}

@article{rehm2016should,
  title={How should prevalence of alcohol use disorders be assessed globally?},
  author={Rehm, J{\"u}rgen},
  journal={International journal of methods in psychiatric research},
  volume={25},
  number={2},
  pages={79--85},
  year={2016},
  publisher={Wiley Online Library}
}

@article{sauton2021interstrain,
  title={Interstrain differences in voluntary binge-like drinking behavior and in two acute ethanol injections-induced synaptic plasticity deficits in rats},
  author={Sauton, Pierre and Deschamps, Chlo{\'e} and Jeanblanc, Virginie and Pierrefiche, Olivier and Jeanblanc, J{\'e}r{\^o}me and Naassila, Mickael},
  journal={Addiction Biology},
  volume={26},
  number={4},
  pages={e12992},
  year={2021},
  publisher={Wiley Online Library}
}

@article{spoelder2015altered,
  title={Altered performance in a rat gambling task after acute and repeated alcohol exposure},
  author={Spoelder, Marcia and Lesscher, Heidi MB and Hesseling, Peter and Baars, Annemarie M and Lozeman-van T Klooster, Jos{\'e} G and Mijnsbergen, Rob and Vanderschuren, Louk JMJ},
  journal={Psychopharmacology},
  volume={232},
  pages={3649--3662},
  year={2015},
  publisher={Springer}
}

@article{strong2010binge,
  title={“Binge” drinking experience in adolescent mice shows sex differences and elevated ethanol intake in adulthood},
  author={Strong, Moriah N and Yoneyama, Naomi and Fretwell, Andrea M and Snelling, Chris and Tanchuck, Michelle A and Finn, Deborah A},
  journal={Hormones and behavior},
  volume={58},
  number={1},
  pages={82--90},
  year={2010},
  publisher={Elsevier}
}

@article{thiele2014drinking,
  title={“Drinking in the dark”(DID) procedures: a model of binge-like ethanol drinking in non-dependent mice},
  author={Thiele, Todd E and Navarro, Montserrat},
  journal={Alcohol},
  volume={48},
  number={3},
  pages={235--241},
  year={2014},
  publisher={Elsevier}
}

@article{timme2020alcohol,
  title={Alcohol-preferring P rats exhibit aversion-resistant drinking of alcohol adulterated with quinine},
  author={Timme, Nicholas M and Linsenbardt, David and Timm, Maureen and Galbari, Taylor and Cornwell, Ethan and Lapish, Christopher},
  journal={Alcohol},
  volume={83},
  pages={47--56},
  year={2020},
  publisher={Elsevier}
}

@article{van2019acute,
  title={Acute alcohol and cognition: Remembering what it causes us to forget},
  author={Van Skike, Candice E and Goodlett, Charles and Matthews, Douglas B},
  journal={Alcohol},
  volume={79},
  pages={105--125},
  year={2019},
  publisher={Elsevier}
}

@article{wallin2017sex,
  title={Sex differences and hormonal modulation of ethanol-enhanced risk taking in rats},
  author={Wallin-Miller, Kathryn G and Chesley, Jordyn and Castrillon, Juliana and Wood, Ruth I},
  journal={Drug and alcohol dependence},
  volume={174},
  pages={137--144},
  year={2017},
  publisher={Elsevier}
}

@article{weafer2008individual,
  title={Individual differences in acute alcohol impairment of inhibitory control predict ad libitum alcohol consumption},
  author={Weafer, Jessica and Fillmore, Mark T},
  journal={Psychopharmacology},
  volume={201},
  pages={315--324},
  year={2008},
  publisher={Springer}
}

@article{weissenborn2003acute,
  title={Acute alcohol effects on cognitive function in social drinkers: their relationship to drinking habits},
  author={Weissenborn, Ruth and Duka, Theodora},
  journal={Psychopharmacology},
  volume={165},
  pages={306--312},
  year={2003},
  publisher={Springer}
}

@article{zachry2019sex,
  title={Sex differences in value-based decision making underlie substance use disorders in females},
  author={Zachry, Jennifer E and Johnson, Amy R and Calipari, Erin S},
  journal={Alcohol and Alcoholism},
  volume={54},
  number={4},
  pages={339--341},
  year={2019},
  publisher={Oxford University Press}
}


# RECORD references

@article{shadlen2013decision,
  title={Decision making as a window on cognition},
  author={Shadlen, Michael N and Kiani, Roozbeh},
  journal={Neuron},
  volume={80},
  number={3},
  pages={791--806},
  year={2013},
  publisher={Elsevier}
}

@book{glimcher2013neuroeconomics,
  title={Neuroeconomics: Decision making and the brain},
  author={Glimcher, Paul W},
  year={2013},
  publisher={Academic Press}
}

@article{friedman2015corticostriatal,
  title={A corticostriatal path targeting striosomes controls decision-making under conflict},
  author={Friedman, Alexander and Homma, Daigo and Gibb, Leif G and Amemori, Ken-ichi and Rubin, Samuel J and Hood, Adam S and Riad, Michael H and Graybiel, Ann M},
  journal={Cell},
  volume={161},
  number={6},
  pages={1320--1333},
  year={2015},
  publisher={Elsevier}
}

@article{amemori2021causal,
  title={Causal evidence for induction of pessimistic decision-making in primates by the network of frontal cortex and striosomes},
  author={Amemori, Satoko and Graybiel, Ann M and Amemori, Ken-ichi},
  journal={Frontiers in Neuroscience},
  volume={15},
  pages={649167},
  year={2021},
  publisher={Frontiers Media SA}
}

@article{johnson2007neural,
  title={Neural ensembles in CA3 transiently encode paths forward of the animal at a decision point},
  author={Johnson, Adam and Redish, A David},
  journal={Journal of Neuroscience},
  volume={27},
  number={45},
  pages={12176--12189},
  year={2007},
  publisher={Soc Neuroscience}
}

@article{xiang2019behavioral,
  title={Behavioral correlates of activity of optogenetically identified locus coeruleus noradrenergic neurons in rats performing T-maze tasks},
  author={Xiang, Liyang and Harel, Antoine and Gao, HongYing and Pickering, Anthony E and Sara, Susan J and Wiener, Sidney I},
  journal={Scientific Reports},
  volume={9},
  number={1},
  pages={1361},
  year={2019},
  publisher={Nature Publishing Group UK London}
}

@article{kira2023distributed,
  title={A distributed and efficient population code of mixed selectivity neurons for flexible navigation decisions},
  author={Kira, Shinichiro and Safaai, Houman and Morcos, Ari S and Panzeri, Stefano and Harvey, Christopher D},
  journal={Nature communications},
  volume={14},
  number={1},
  pages={2121},
  year={2023},
  publisher={Nature Publishing Group UK London}
}

@article{d2021apparatus,
  title={Apparatus design and behavioural testing protocol for the evaluation of spatial working memory in mice through the spontaneous alternation T-maze},
  author={d’Isa, Raffaele and Comi, Giancarlo and Leocani, Letizia},
  journal={Scientific Reports},
  volume={11},
  number={1},
  pages={21177},
  year={2021},
  publisher={Nature Publishing Group UK London}
}

@article{de2023freibox,
  title={FreiBox: A versatile open-source behavioral setup for investigating the neuronal correlates of behavioral flexibility via 1-photon imaging in freely moving mice},
  author={De La Crompe, Brice and Schneck, Megan and Steenbergen, Florian and Schneider, Artur and Diester, Ilka},
  journal={Eneuro},
  volume={10},
  number={4},
  year={2023},
  publisher={Society for Neuroscience}
}

@article{laboratory2021standardized,
  title={Standardized and reproducible measurement of decision-making in mice},
  author={Laboratory, The International Brain and Aguillon-Rodriguez, Valeria and Angelaki, Dora and Bayer, Hannah and Bonacchi, Niccolo and Carandini, Matteo and Cazettes, Fanny and Chapuis, Gaelle and Churchland, Anne K and Dan, Yang and others},
  journal={Elife},
  volume={10},
  year={2021},
  publisher={eLife Sciences Publications, Ltd}
}

@article{o2018low,
  title={A low-cost touchscreen operant chamber using a Raspberry Pi™},
  author={O’Leary, James D and O’Leary, Olivia F and Cryan, John F and Nolan, Yvonne M},
  journal={Behavior research methods},
  volume={50},
  number={6},
  pages={2523--2530},
  year={2018},
  publisher={Springer}
}

@article{lottem2018activation,
  title={Activation of serotonin neurons promotes active persistence in a probabilistic foraging task},
  author={Lottem, Eran and Banerjee, Dhruba and Vertechi, Pietro and Sarra, Dario and Lohuis, Matthijs oude and Mainen, Zachary F},
  journal={Nature communications},
  volume={9},
  number={1},
  pages={1000},
  year={2018},
  publisher={Nature Publishing Group UK London}
}

@article{kapanaiah2021low,
  title={A low-cost open-source 5-choice operant box system optimized for electrophysiology and optophysiology in mice},
  author={Kapanaiah, Sampath KT and Van der Veen, Bastiaan and Strahnen, Daniel and Akam, Thomas and K{\"a}tzel, Dennis},
  journal={Scientific Reports},
  volume={11},
  number={1},
  pages={22279},
  year={2021},
  publisher={Nature Publishing Group UK London}
}

@article{vassilev2022custom,
  title={Custom-built operant conditioning setup for calcium imaging and cognitive testing in freely moving mice},
  author={Vassilev, Philip and Fonseca, Esmeralda and Hernandez, Giovanni and Pantoja-Urban, Andrea Haree and Giroux, Michel and Nouel, Dominique and Van Leer, Elise and Flores, Cecilia},
  journal={Eneuro},
  volume={9},
  number={1},
  year={2022},
  publisher={Society for Neuroscience}
}

@article{vollmer2021novel,
  title={A novel assay allowing drug self-administration, extinction, and reinstatement testing in head-restrained mice},
  author={Vollmer, Kelsey M and Doncheck, Elizabeth M and Grant, Roger I and Winston, Kion T and Romanova, Elizaveta V and Bowen, Christopher W and Siegler, Preston N and Green, Lisa M and Bobadilla, Ana-Clara and Trujillo-Pisanty, Ivan and others},
  journal={Frontiers in Behavioral Neuroscience},
  volume={15},
  pages={744715},
  year={2021},
  publisher={Frontiers Media SA}
}

@article{de2011rodent,
  title={Rodent versions of the iowa gambling task: opportunities and challenges for the understanding of decision-making},
  author={de Visser, Leonie and Homberg, Judith R and Mitsogiannis, Manuela and Zeeb, Fiona D and Rivalan, Marion and Fitoussi, Aur{\'e}lie and Galhardo, Vasco and van den Bos, Ruud and Winstanley, Catherine A and Dellu-Hagedorn, Fran{\c{c}}oise},
  journal={Frontiers in neuroscience},
  volume={5},
  pages={109},
  year={2011},
  publisher={Frontiers Research Foundation}
}

@article{brunton2013rats,
  title={Rats and humans can optimally accumulate evidence for decision-making},
  author={Brunton, Bingni W and Botvinick, Matthew M and Brody, Carlos D},
  journal={Science},
  volume={340},
  number={6128},
  pages={95--98},
  year={2013},
  publisher={American Association for the Advancement of Science}
}

@article{orsini2023age,
  title={Age-related changes in risky decision making and associated neural circuitry in a rat model},
  author={Orsini, Caitlin A and Pyon, Wonn S and Dragone, Richard J and Faraji, Mojdeh and Wheeler, Alexa-Rae and Pompilus, Marjory and Febo, Marcelo and Bizon, Jennifer L and Setlow, Barry},
  journal={Eneuro},
  volume={10},
  number={1},
  year={2023},
  publisher={Society for Neuroscience}
}

@article{friedman2017chronic,
  title={Chronic stress alters striosome-circuit dynamics, leading to aberrant decision-making},
  author={Friedman, Alexander and Homma, Daigo and Bloem, Bernard and Gibb, Leif G and Amemori, Ken-ichi and Hu, Dan and Delcasso, Sebastien and Truong, Timothy F and Yang, Joyce and Hood, Adam S and others},
  journal={Cell},
  volume={171},
  number={5},
  pages={1191--1205},
  year={2017},
  publisher={Elsevier}
}

@article{ironside2020approach,
  title={Approach-avoidance conflict in major depressive disorder: congruent neural findings in humans and nonhuman primates},
  author={Ironside, Maria and Amemori, Ken-ichi and McGrath, Callie L and Pedersen, Mads Lund and Kang, Min Su and Amemori, Satoko and Frank, Michael J and Graybiel, Ann M and Pizzagalli, Diego A},
  journal={Biological Psychiatry},
  volume={87},
  number={5},
  pages={399--408},
  year={2020},
  publisher={Elsevier}
}

@article{friedman2020striosomes,
  title={Striosomes mediate value-based learning vulnerable in age and a Huntington’s disease model},
  author={Friedman, Alexander and Hueske, Emily and Drammis, Sabrina M and Arana, Sebastian E Toro and Nelson, Erik D and Carter, Cody W and Delcasso, Sebastien and Rodriguez, Raimundo X and Lutwak, Hope and DiMarco, Kaden S and others},
  journal={Cell},
  volume={183},
  number={4},
  pages={918--934},
  year={2020},
  publisher={Elsevier}
}

@article{vogt2021automated,
  title={Automated behavioral analysis},
  author={Vogt, Nina},
  journal={Nature Methods},
  volume={18},
  number={1},
  pages={29--29},
  year={2021},
  publisher={Nature Publishing Group US New York}
}

@article{juavinett2018decision,
  title={Decision-making behaviors: weighing ethology, complexity, and sensorimotor compatibility},
  author={Juavinett, Ashley L and Erlich, Jeffrey C and Churchland, Anne K},
  journal={Current opinion in neurobiology},
  volume={49},
  pages={42--50},
  year={2018},
  publisher={Elsevier}
}

@article{foscue2012characterization,
  title={Characterization of a semi-rapid method for assessing delay discounting in rodents},
  author={Foscue, Ethan P and Wood, Kathryne N and Schramm-Sapyta, Nicole L},
  journal={Pharmacology Biochemistry and Behavior},
  volume={101},
  number={2},
  pages={187--192},
  year={2012},
  publisher={Elsevier}
}

@article{stone2020ghrelin,
  title={Ghrelin as a stress hormone: implications for psychiatric illness},
  author={Stone, Lauren A and Harmatz, Elia S and Goosens, Ki A},
  journal={Biological Psychiatry},
  volume={88},
  number={7},
  pages={531--540},
  year={2020},
  publisher={Elsevier}
}

@article{goltstein2018food,
  title={Food and water restriction lead to differential learning behaviors in a head-fixed two-choice visual discrimination task for mice},
  author={Goltstein, Pieter M and Reinert, Sandra and Glas, Annet and Bonhoeffer, Tobias and H{\"u}bener, Mark},
  journal={PloS one},
  volume={13},
  number={9},
  pages={e0204066},
  year={2018},
  publisher={Public Library of Science San Francisco, CA USA}
}

@article{schumacher2021dorsomedial,
  title={Dorsomedial striatal contributions to different forms of risk/reward decision making},
  author={Schumacher, Jackson D and van Holstein, Mieke and Bagrodia, Vaishali and Le Bouder, Hannah B and Floresco, Stan B},
  journal={Neurobiology of Learning and Memory},
  volume={178},
  pages={107369},
  year={2021},
  publisher={Elsevier}
}

@article{robin2010neural,
  title={Neural systems underlying approach and avoidance in anxiety disorders},
  author={Robin L, Aupperle and Martin, P Paulus},
  journal={Dialogues in clinical neuroscience},
  volume={12},
  number={4},
  pages={517--531},
  year={2010},
  publisher={Taylor \& Francis}
}

@article{kirlic2017animal,
  title={Animal to human translational paradigms relevant for approach avoidance conflict decision making},
  author={Kirlic, Namik and Young, Jared and Aupperle, Robin L},
  journal={Behaviour research and therapy},
  volume={96},
  pages={14--29},
  year={2017},
  publisher={Elsevier}
}

@article{amemori2018striatal,
  title={Striatal microstimulation induces persistent and repetitive negative decision-making predicted by striatal beta-band oscillation},
  author={Amemori, Ken-ichi and Amemori, Satoko and Gibson, Daniel J and Graybiel, Ann M},
  journal={Neuron},
  volume={99},
  number={4},
  pages={829--841},
  year={2018},
  publisher={Elsevier}
}

@article{pang2016dimensionality,
  title={Dimensionality reduction in neuroscience},
  author={Pang, Rich and Lansdell, Benjamin J and Fairhall, Adrienne L},
  journal={Current Biology},
  volume={26},
  number={14},
  pages={R656--R660},
  year={2016},
  publisher={Elsevier}
}

@article{bar2003information,
  title={Information processing, dimensionality reduction and reinforcement learning in the basal ganglia},
  author={Bar-Gad, Izhar and Morris, Genela and Bergman, Hagai},
  journal={Progress in neurobiology},
  volume={71},
  number={6},
  pages={439--473},
  year={2003},
  publisher={Elsevier}
}

@article{zanni2020female,
  title={Female and male rats readily consume and prefer oxycodone to water in a chronic, continuous access, two-bottle oral voluntary paradigm},
  author={Zanni, Giulia and DeSalle, Matthew J and Deutsch, Hannah M and Barr, Gordon A and Eisch, Amelia J},
  journal={Neuropharmacology},
  volume={167},
  pages={107978},
  year={2020},
  publisher={Elsevier}
}

@article{pattij2009acute,
  title={Acute effects of morphine on distinct forms of impulsive behavior in rats},
  author={Pattij, Tommy and Schetters, Dustin and Janssen, Mieke CW and Wiskerke, Joost and Schoffelmeer, Anton NM},
  journal={Psychopharmacology},
  volume={205},
  pages={489--502},
  year={2009},
  publisher={Springer}
}

@article{slezak2014methylphenidate,
  title={Methylphenidate and impulsivity: a comparison of effects of methylphenidate enantiomers on delay discounting in rats},
  author={Slezak, Jonathan M and Ricaurte, George A and Tallarida, Ronald J and Katz, Jonathan L},
  journal={Psychopharmacology},
  volume={231},
  pages={191--198},
  year={2014},
  publisher={Springer}
}

@article{hunt2020effects,
  title={Effects of oxycodone on sensitivity to reinforcement magnitude: Implications for effects of opioids on impulsive and risky choice},
  author={Hunt, Katelyn H and Hughes, Christine E and Pitts, Raymond C},
  journal={Behavioural pharmacology},
  volume={31},
  number={2\&3},
  pages={221--232},
  year={2020},
  publisher={LWW}
}

@article{marder2011variability,
  title={Variability, compensation, and modulation in neurons and circuits},
  author={Marder, Eve},
  journal={Proceedings of the National Academy of Sciences},
  volume={108},
  number={supplement\_3},
  pages={15542--15548},
  year={2011},
  publisher={National Acad Sciences}
}

@article{golowasch2002failure,
  title={Failure of averaging in the construction of a conductance-based neuron model},
  author={Golowasch, Jorge and Goldman, Mark S and Abbott, LF and Marder, Eve},
  journal={Journal of neurophysiology},
  volume={87},
  number={2},
  pages={1129--1131},
  year={2002},
  publisher={American Physiological Society Bethesda, MD}
}

@article{clayton2016studying,
  title={Studying both sexes: a guiding principle for biomedicine},
  author={Clayton, Janine Austin},
  journal={The FASEB Journal},
  volume={30},
  number={2},
  pages={519},
  year={2016},
  publisher={The Federation of American Societies for Experimental Biology}
}

@article{legates2019sex,
  title={Sex differences in antidepressant efficacy},
  author={LeGates, Tara A and Kvarta, Mark D and Thompson, Scott M},
  journal={Neuropsychopharmacology},
  volume={44},
  number={1},
  pages={140--154},
  year={2019},
  publisher={Springer International Publishing Cham}
}

@article{juarez1999sex,
  title={Sex differences in alcohol drinking patterns during forced and voluntary consumption in rats},
  author={Ju{\'a}rez, Jorge and De Tomasi, Eliana Barrios},
  journal={Alcohol},
  volume={19},
  number={1},
  pages={15--22},
  year={1999},
  publisher={Elsevier}
}

@article{rivalan2013elucidating,
  title={Elucidating poor decision-making in a rat gambling task},
  author={Rivalan, Marion and Valton, Vincent and Series, Peggy and Marchand, Alain R and Dellu-Hagedorn, Francoise},
  journal={PLoS One},
  volume={8},
  number={12},
  pages={e82052},
  year={2013},
  publisher={Public Library of Science San Francisco, USA}
}

@article{rivalan2011inter,
  title={Inter-individual decision-making differences in the effects of cingulate, orbitofrontal, and prelimbic cortex lesions in a rat gambling task},
  author={Rivalan, Marion and Coutureau, Etienne and Fitoussi, Aur{\'e}lie and Dellu-Hagedorn, Fran{\c{c}}oise},
  journal={Frontiers in behavioral neuroscience},
  volume={5},
  pages={22},
  year={2011},
  publisher={Frontiers Research Foundation}
}

@article{pittaras2022inter,
  title={Inter-Individual Differences in Cognitive Tasks: Focusing on the Shaping of Decision-Making Strategies},
  author={Pittaras, Elsa and Hamelin, H{\'e}lo{\"\i}se and Granon, Sylvie},
  journal={Frontiers in Behavioral Neuroscience},
  volume={16},
  pages={818746},
  year={2022},
  publisher={Frontiers Media SA}
}

@article{carelli2014good,
  title={When a good taste turns bad: neural mechanisms underlying the emergence of negative affect and associated natural reward devaluation by cocaine},
  author={Carelli, Regina M and West, Elizabeth A},
  journal={Neuropharmacology},
  volume={76},
  pages={360--369},
  year={2014},
  publisher={Elsevier}
}

@article{harris2011cortical,
  title={Cortical state and attention},
  author={Harris, Kenneth D and Thiele, Alexander},
  journal={Nature reviews neuroscience},
  volume={12},
  number={9},
  pages={509--523},
  year={2011},
  publisher={Nature Publishing Group UK London}
}

@article{hsu2021b,
  title={B-SOiD, an open-source unsupervised algorithm for identification and fast prediction of behaviors},
  author={Hsu, Alexander I and Yttri, Eric A},
  journal={Nature communications},
  volume={12},
  number={1},
  pages={5188},
  year={2021},
  publisher={Nature Publishing Group UK London}
}

@article{tillmann2024soid,
  title={A-SOiD, an active-learning platform for expert-guided, data-efficient discovery of behavior},
  author={Tillmann, Jens F and Hsu, Alexander I and Schwarz, Martin K and Yttri, Eric A},
  journal={Nature Methods},
  volume={21},
  number={4},
  pages={703--711},
  year={2024},
  publisher={Nature Publishing Group US New York}
}

@article{mathis2018deeplabcut,
  title={DeepLabCut: markerless pose estimation of user-defined body parts with deep learning},
  author={Mathis, Alexander and Mamidanna, Pranav and Cury, Kevin M and Abe, Taiga and Murthy, Venkatesh N and Mathis, Mackenzie Weygandt and Bethge, Matthias},
  journal={Nature neuroscience},
  volume={21},
  number={9},
  pages={1281--1289},
  year={2018},
  publisher={Nature Publishing Group}
}

@article{nath2019using,
  title={Using DeepLabCut for 3D markerless pose estimation across species and behaviors},
  author={Nath, Tanmay and Mathis, Alexander and Chen, An Chi and Patel, Amir and Bethge, Matthias and Mathis, Mackenzie Weygandt},
  journal={Nature protocols},
  volume={14},
  number={7},
  pages={2152--2176},
  year={2019},
  publisher={Nature Publishing Group UK London}
}

@article{monsees2022estimation,
  title={Estimation of skeletal kinematics in freely moving rodents},
  author={Monsees, Arne and Voit, Kay-Michael and Wallace, Damian J and Sawinski, Juergen and Charyasz, Edyta and Scheffler, Klaus and Macke, Jakob H and Kerr, Jason ND},
  journal={Nature methods},
  volume={19},
  number={11},
  pages={1500--1509},
  year={2022},
  publisher={Nature Publishing Group US New York}
}

@article{lauer2022multi,
  title={Multi-animal pose estimation, identification and tracking with DeepLabCut},
  author={Lauer, Jessy and Zhou, Mu and Ye, Shaokai and Menegas, William and Schneider, Steffen and Nath, Tanmay and Rahman, Mohammed Mostafizur and Di Santo, Valentina and Soberanes, Daniel and Feng, Guoping and others},
  journal={Nature Methods},
  volume={19},
  number={4},
  pages={496--504},
  year={2022},
  publisher={Nature Publishing Group US New York}
}

@article{pereira2022sleap,
  title={SLEAP: A deep learning system for multi-animal pose tracking},
  author={Pereira, Talmo D and Tabris, Nathaniel and Matsliah, Arie and Turner, David M and Li, Junyu and Ravindranath, Shruthi and Papadoyannis, Eleni S and Normand, Edna and Deutsch, David S and Wang, Z Yan and others},
  journal={Nature methods},
  volume={19},
  number={4},
  pages={486--495},
  year={2022},
  publisher={Nature Publishing Group US New York}
}

@article{gabriel2022behaviordepot,
  title={BehaviorDEPOT is a simple, flexible tool for automated behavioral detection based on markerless pose tracking},
  author={Gabriel, Christopher J and Zeidler, Zachary and Jin, Benita and Guo, Changliang and Goodpaster, Caitlin M and Kashay, Adrienne Q and Wu, Anna and Delaney, Molly and Cheung, Jovian and DiFazio, Lauren E and others},
  journal={Elife},
  volume={11},
  pages={e74314},
  year={2022},
  publisher={eLife Sciences Publications Limited}
}

@article{evans1971rats,
  title={Rats' activity: Influence of light-dark cycle, food presentation and deprivation},
  author={Evans, Hugh L},
  journal={Physiology \& Behavior},
  volume={7},
  number={4},
  pages={455--459},
  year={1971},
  publisher={Elsevier}
}

@article{pereira2019fast,
  title={Fast animal pose estimation using deep neural networks},
  author={Pereira, Talmo D and Aldarondo, Diego E and Willmore, Lindsay and Kislin, Mikhail and Wang, Samuel S-H and Murthy, Mala and Shaevitz, Joshua W},
  journal={Nature methods},
  volume={16},
  number={1},
  pages={117--125},
  year={2019},
  publisher={Nature Publishing Group US New York}
}

@article{moschak2021opposing,
  title={An opposing role for prelimbic cortical projections to the nucleus accumbens core in incubation of craving for cocaine versus water},
  author={Moschak, Travis M and Carelli, Regina M},
  journal={Drug and alcohol dependence},
  volume={228},
  pages={109033},
  year={2021},
  publisher={Elsevier}
}

@article{moschak2018low,
  title={Low distress tolerance predicts heightened drug seeking and taking after extended abstinence from cocaine self-administration},
  author={Moschak, Travis M and Terry, Douglas R and Daughters, Stacey B and Carelli, Regina M},
  journal={Addiction biology},
  volume={23},
  number={1},
  pages={130--141},
  year={2018},
  publisher={Wiley Online Library}
}

@article{moschak2021sex,
  title={A sex-dependent role for the prelimbic cortex in impulsive action both before and following early cocaine abstinence},
  author={Moschak, Travis M and Carelli, Regina M},
  journal={Neuropsychopharmacology},
  volume={46},
  number={9},
  pages={1565--1573},
  year={2021},
  publisher={Springer International Publishing Cham}
}

@article{moschak2017impulsive,
  title={Impulsive rats exhibit blunted dopamine release dynamics during a delay discounting task independent of cocaine history},
  author={Moschak, Travis M and Carelli, Regina M},
  journal={ENeuro},
  volume={4},
  number={2},
  year={2017},
  publisher={Society for Neuroscience}
}

@article{moschak2018neuronal,
  title={A neuronal ensemble in the rostral agranular insula tracks cocaine-induced devaluation of natural reward and predicts cocaine seeking},
  author={Moschak, Travis M and Wang, Xuefei and Carelli, Regina M},
  journal={Journal of Neuroscience},
  volume={38},
  number={39},
  pages={8463--8472},
  year={2018},
  publisher={Soc Neuroscience}
}

@article{bossert2020rat,
  title={In a rat model of opioid maintenance, the G protein--biased mu opioid receptor agonist TRV130 decreases relapse to oxycodone seeking and taking and prevents oxycodone-induced brain hypoxia},
  author={Bossert, Jennifer M and Kiyatkin, Eugene A and Korah, Hannah and Hoots, Jennifer K and Afzal, Anum and Perekopskiy, David and Thomas, Shruthi and Fredriksson, Ida and Blough, Bruce E and Negus, S Stevens and others},
  journal={Biological psychiatry},
  volume={88},
  number={12},
  pages={935--944},
  year={2020},
  publisher={Elsevier}
}

@article{altshuler2021role,
  title={Role of orbitofrontal cortex in incubation of oxycodone craving in male rats},
  author={Altshuler, Rachel D and Yang, Eddy S and Garcia, Kristine T and Davis, Ian R and Olaniran, Adedayo and Haile, Meron and Razavi, Syrus and Li, Xuan},
  journal={Addiction Biology},
  volume={26},
  number={2},
  pages={e12927},
  year={2021},
  publisher={Wiley Online Library}
}

@data{DVN/QADUKS_2023,
author = {Ibanez-Alcala, Rodrigo J and Beck, Dirk W. and Salcido, Alexis A. and Villarreal Rodriguez, Kryssia and Davila, Luis D and Drammis, Sabrina M. and Giri, Atanu and Heaton, Cory N. and Rakocevic, Lara I. and Hossain, Safa B. and Reyes, Neftali F. and Zhang, Marie and Batson, Serina A. and Macias, Andrea Y. and Umashankar Beck, Shreeya and Negishi, Kenichiro and Joshi, Arnav and Franco, Austin J and Chavez, Sarah A and Hernández, Bianca and Ramirez, Felix and Ordonez, Miguel and Lopez, Jonathan and Armenta, Abril and Quintanar, Odalys and Medina, Fernanda and Ordonez, Pablo and Martinez, Gustavo and Szafer Braun, Dana and O'Dell, Laura E. and Moschak, Travis M. and Goosens, Ki A and Friedman, Alexander},
publisher = {Harvard Dataverse},
title = {{High-throughput system to study decision-making across multiple levels of reward and cost}},
year = {2023},
version = {V5},
doi = {10.7910/DVN/QADUKS},
url = {https://doi.org/10.7910/DVN/QADUKS}
}